%YAML 1.1
%TAG !u! tag:unity3d.com,2011:
--- !u!1 &6472978049931302458
GameObject:
  m_ObjectHideFlags: 0
  m_CorrespondingSourceObject: {fileID: 0}
  m_PrefabInstance: {fileID: 0}
  m_PrefabAsset: {fileID: 0}
  serializedVersion: 6
  m_Component:
  - component: {fileID: 2540454301899244232}
  - component: {fileID: 7170488235401360392}
  - component: {fileID: 5851953201656512329}
  m_Layer: 5
  m_Name: Quality Type Toggles
  m_TagString: Untagged
  m_Icon: {fileID: 0}
  m_NavMeshLayer: 0
  m_StaticEditorFlags: 0
  m_IsActive: 1
--- !u!224 &2540454301899244232
RectTransform:
  m_ObjectHideFlags: 0
  m_CorrespondingSourceObject: {fileID: 0}
  m_PrefabInstance: {fileID: 0}
  m_PrefabAsset: {fileID: 0}
  m_GameObject: {fileID: 6472978049931302458}
  m_LocalRotation: {x: 0, y: 0, z: 0, w: 1}
  m_LocalPosition: {x: 0, y: 0, z: 0}
  m_LocalScale: {x: 1, y: 1, z: 1}
  m_ConstrainProportionsScale: 0
  m_Children:
  - {fileID: 933361876679725660}
  - {fileID: 4852134458294950408}
  - {fileID: 9036632928108600592}
  - {fileID: 359699614051428543}
  - {fileID: 8903933844389972033}
  - {fileID: 760889965093113036}
  m_Father: {fileID: 0}
  m_LocalEulerAnglesHint: {x: 0, y: 0, z: 0}
  m_AnchorMin: {x: 1, y: 0.5}
  m_AnchorMax: {x: 1, y: 0.5}
  m_AnchoredPosition: {x: -70.8, y: 0}
  m_SizeDelta: {x: 0, y: 0}
  m_Pivot: {x: 1, y: 0.5}
--- !u!114 &7170488235401360392
MonoBehaviour:
  m_ObjectHideFlags: 0
  m_CorrespondingSourceObject: {fileID: 0}
  m_PrefabInstance: {fileID: 0}
  m_PrefabAsset: {fileID: 0}
  m_GameObject: {fileID: 6472978049931302458}
  m_Enabled: 1
  m_EditorHideFlags: 0
  m_Script: {fileID: 11500000, guid: 30649d3a9faa99c48a7b1166b86bf2a0, type: 3}
  m_Name: 
  m_EditorClassIdentifier: 
  m_Padding:
    m_Left: 0
    m_Right: 0
    m_Top: 0
    m_Bottom: 0
  m_ChildAlignment: 0
  m_Spacing: 0
  m_ChildForceExpandWidth: 1
  m_ChildForceExpandHeight: 1
  m_ChildControlWidth: 0
  m_ChildControlHeight: 0
  m_ChildScaleWidth: 0
  m_ChildScaleHeight: 0
  m_ReverseArrangement: 0
--- !u!114 &5851953201656512329
MonoBehaviour:
  m_ObjectHideFlags: 0
  m_CorrespondingSourceObject: {fileID: 0}
  m_PrefabInstance: {fileID: 0}
  m_PrefabAsset: {fileID: 0}
  m_GameObject: {fileID: 6472978049931302458}
  m_Enabled: 1
  m_EditorHideFlags: 0
  m_Script: {fileID: 11500000, guid: 3245ec927659c4140ac4f8d17403cc18, type: 3}
  m_Name: 
  m_EditorClassIdentifier: 
  m_HorizontalFit: 2
  m_VerticalFit: 2
--- !u!1001 &2336919349026281194
PrefabInstance:
  m_ObjectHideFlags: 0
  serializedVersion: 2
  m_Modification:
    serializedVersion: 3
    m_TransformParent: {fileID: 2540454301899244232}
    m_Modifications:
    - target: {fileID: 2249802490915512609, guid: e90f812ed48835e4c8157f1fd3ee9f97, type: 3}
      propertyPath: m_Name
      value: Quality Type Toggle (6)
      objectReference: {fileID: 0}
    - target: {fileID: 3089854862284429862, guid: e90f812ed48835e4c8157f1fd3ee9f97, type: 3}
      propertyPath: m_Pivot.x
      value: 0.5
      objectReference: {fileID: 0}
    - target: {fileID: 3089854862284429862, guid: e90f812ed48835e4c8157f1fd3ee9f97, type: 3}
      propertyPath: m_Pivot.y
      value: 0.5
      objectReference: {fileID: 0}
    - target: {fileID: 3089854862284429862, guid: e90f812ed48835e4c8157f1fd3ee9f97, type: 3}
      propertyPath: m_AnchorMax.x
      value: 0
      objectReference: {fileID: 0}
    - target: {fileID: 3089854862284429862, guid: e90f812ed48835e4c8157f1fd3ee9f97, type: 3}
      propertyPath: m_AnchorMax.y
      value: 0
      objectReference: {fileID: 0}
    - target: {fileID: 3089854862284429862, guid: e90f812ed48835e4c8157f1fd3ee9f97, type: 3}
      propertyPath: m_AnchorMin.x
      value: 0
      objectReference: {fileID: 0}
    - target: {fileID: 3089854862284429862, guid: e90f812ed48835e4c8157f1fd3ee9f97, type: 3}
      propertyPath: m_AnchorMin.y
      value: 0
      objectReference: {fileID: 0}
    - target: {fileID: 3089854862284429862, guid: e90f812ed48835e4c8157f1fd3ee9f97, type: 3}
      propertyPath: m_LocalPosition.x
      value: 0
      objectReference: {fileID: 0}
    - target: {fileID: 3089854862284429862, guid: e90f812ed48835e4c8157f1fd3ee9f97, type: 3}
      propertyPath: m_LocalPosition.y
      value: 0
      objectReference: {fileID: 0}
    - target: {fileID: 3089854862284429862, guid: e90f812ed48835e4c8157f1fd3ee9f97, type: 3}
      propertyPath: m_LocalRotation.w
      value: 1
      objectReference: {fileID: 0}
    - target: {fileID: 3089854862284429862, guid: e90f812ed48835e4c8157f1fd3ee9f97, type: 3}
      propertyPath: m_LocalRotation.x
      value: 0
      objectReference: {fileID: 0}
    - target: {fileID: 3089854862284429862, guid: e90f812ed48835e4c8157f1fd3ee9f97, type: 3}
      propertyPath: m_LocalRotation.y
      value: 0
      objectReference: {fileID: 0}
    - target: {fileID: 3089854862284429862, guid: e90f812ed48835e4c8157f1fd3ee9f97, type: 3}
      propertyPath: m_LocalRotation.z
      value: 0
      objectReference: {fileID: 0}
    - target: {fileID: 3089854862284429862, guid: e90f812ed48835e4c8157f1fd3ee9f97, type: 3}
      propertyPath: m_AnchoredPosition.x
      value: 0
      objectReference: {fileID: 0}
    - target: {fileID: 3089854862284429862, guid: e90f812ed48835e4c8157f1fd3ee9f97, type: 3}
      propertyPath: m_AnchoredPosition.y
      value: 0
      objectReference: {fileID: 0}
    - target: {fileID: 3089854862284429862, guid: e90f812ed48835e4c8157f1fd3ee9f97, type: 3}
      propertyPath: m_LocalEulerAnglesHint.x
      value: 0
      objectReference: {fileID: 0}
    - target: {fileID: 3089854862284429862, guid: e90f812ed48835e4c8157f1fd3ee9f97, type: 3}
      propertyPath: m_LocalEulerAnglesHint.y
      value: 0
      objectReference: {fileID: 0}
    - target: {fileID: 3089854862284429862, guid: e90f812ed48835e4c8157f1fd3ee9f97, type: 3}
      propertyPath: m_LocalEulerAnglesHint.z
      value: 0
      objectReference: {fileID: 0}
    - target: {fileID: 8171543988433956462, guid: e90f812ed48835e4c8157f1fd3ee9f97, type: 3}
      propertyPath: _qualityType
      value: 
      objectReference: {fileID: 11400000, guid: 68082c398e041ca4198cf8513bc77cf9, type: 2}
    m_RemovedComponents: []
    m_RemovedGameObjects: []
    m_AddedGameObjects: []
    m_AddedComponents: []
  m_SourcePrefab: {fileID: 100100000, guid: e90f812ed48835e4c8157f1fd3ee9f97, type: 3}
--- !u!224 &760889965093113036 stripped
RectTransform:
  m_CorrespondingSourceObject: {fileID: 3089854862284429862, guid: e90f812ed48835e4c8157f1fd3ee9f97, type: 3}
  m_PrefabInstance: {fileID: 2336919349026281194}
  m_PrefabAsset: {fileID: 0}
--- !u!1001 &2743441004435146874
PrefabInstance:
  m_ObjectHideFlags: 0
  serializedVersion: 2
  m_Modification:
    serializedVersion: 3
    m_TransformParent: {fileID: 2540454301899244232}
    m_Modifications:
    - target: {fileID: 2249802490915512609, guid: e90f812ed48835e4c8157f1fd3ee9f97, type: 3}
      propertyPath: m_Name
      value: Quality Type Toggle (1)
      objectReference: {fileID: 0}
    - target: {fileID: 3089854862284429862, guid: e90f812ed48835e4c8157f1fd3ee9f97, type: 3}
      propertyPath: m_Pivot.x
      value: 0.5
      objectReference: {fileID: 0}
    - target: {fileID: 3089854862284429862, guid: e90f812ed48835e4c8157f1fd3ee9f97, type: 3}
      propertyPath: m_Pivot.y
      value: 0.5
      objectReference: {fileID: 0}
    - target: {fileID: 3089854862284429862, guid: e90f812ed48835e4c8157f1fd3ee9f97, type: 3}
      propertyPath: m_AnchorMax.x
      value: 0
      objectReference: {fileID: 0}
    - target: {fileID: 3089854862284429862, guid: e90f812ed48835e4c8157f1fd3ee9f97, type: 3}
      propertyPath: m_AnchorMax.y
      value: 0
      objectReference: {fileID: 0}
    - target: {fileID: 3089854862284429862, guid: e90f812ed48835e4c8157f1fd3ee9f97, type: 3}
      propertyPath: m_AnchorMin.x
      value: 0
      objectReference: {fileID: 0}
    - target: {fileID: 3089854862284429862, guid: e90f812ed48835e4c8157f1fd3ee9f97, type: 3}
      propertyPath: m_AnchorMin.y
      value: 0
      objectReference: {fileID: 0}
    - target: {fileID: 3089854862284429862, guid: e90f812ed48835e4c8157f1fd3ee9f97, type: 3}
      propertyPath: m_LocalPosition.x
      value: 0
      objectReference: {fileID: 0}
    - target: {fileID: 3089854862284429862, guid: e90f812ed48835e4c8157f1fd3ee9f97, type: 3}
      propertyPath: m_LocalPosition.y
      value: 0
      objectReference: {fileID: 0}
    - target: {fileID: 3089854862284429862, guid: e90f812ed48835e4c8157f1fd3ee9f97, type: 3}
      propertyPath: m_LocalRotation.w
      value: 1
      objectReference: {fileID: 0}
    - target: {fileID: 3089854862284429862, guid: e90f812ed48835e4c8157f1fd3ee9f97, type: 3}
      propertyPath: m_LocalRotation.x
      value: 0
      objectReference: {fileID: 0}
    - target: {fileID: 3089854862284429862, guid: e90f812ed48835e4c8157f1fd3ee9f97, type: 3}
      propertyPath: m_LocalRotation.y
      value: 0
      objectReference: {fileID: 0}
    - target: {fileID: 3089854862284429862, guid: e90f812ed48835e4c8157f1fd3ee9f97, type: 3}
      propertyPath: m_LocalRotation.z
      value: 0
      objectReference: {fileID: 0}
    - target: {fileID: 3089854862284429862, guid: e90f812ed48835e4c8157f1fd3ee9f97, type: 3}
      propertyPath: m_AnchoredPosition.x
      value: 0
      objectReference: {fileID: 0}
    - target: {fileID: 3089854862284429862, guid: e90f812ed48835e4c8157f1fd3ee9f97, type: 3}
      propertyPath: m_AnchoredPosition.y
      value: 0
      objectReference: {fileID: 0}
    - target: {fileID: 3089854862284429862, guid: e90f812ed48835e4c8157f1fd3ee9f97, type: 3}
      propertyPath: m_LocalEulerAnglesHint.x
      value: 0
      objectReference: {fileID: 0}
    - target: {fileID: 3089854862284429862, guid: e90f812ed48835e4c8157f1fd3ee9f97, type: 3}
      propertyPath: m_LocalEulerAnglesHint.y
      value: 0
      objectReference: {fileID: 0}
    - target: {fileID: 3089854862284429862, guid: e90f812ed48835e4c8157f1fd3ee9f97, type: 3}
      propertyPath: m_LocalEulerAnglesHint.z
      value: 0
      objectReference: {fileID: 0}
    - target: {fileID: 8171543988433956462, guid: e90f812ed48835e4c8157f1fd3ee9f97, type: 3}
      propertyPath: _qualityType
      value: 
      objectReference: {fileID: 11400000, guid: 0287f32be87c95146b6eae7903e8385e, type: 2}
    m_RemovedComponents: []
    m_RemovedGameObjects: []
    m_AddedGameObjects: []
    m_AddedComponents: []
  m_SourcePrefab: {fileID: 100100000, guid: e90f812ed48835e4c8157f1fd3ee9f97, type: 3}
--- !u!224 &933361876679725660 stripped
RectTransform:
  m_CorrespondingSourceObject: {fileID: 3089854862284429862, guid: e90f812ed48835e4c8157f1fd3ee9f97, type: 3}
  m_PrefabInstance: {fileID: 2743441004435146874}
  m_PrefabAsset: {fileID: 0}
--- !u!1001 &3322731031632245401
PrefabInstance:
  m_ObjectHideFlags: 0
  serializedVersion: 2
  m_Modification:
    serializedVersion: 3
    m_TransformParent: {fileID: 2540454301899244232}
    m_Modifications:
    - target: {fileID: 2249802490915512609, guid: e90f812ed48835e4c8157f1fd3ee9f97, type: 3}
      propertyPath: m_Name
      value: Quality Type Toggle (4)
      objectReference: {fileID: 0}
    - target: {fileID: 3089854862284429862, guid: e90f812ed48835e4c8157f1fd3ee9f97, type: 3}
      propertyPath: m_Pivot.x
      value: 0.5
      objectReference: {fileID: 0}
    - target: {fileID: 3089854862284429862, guid: e90f812ed48835e4c8157f1fd3ee9f97, type: 3}
      propertyPath: m_Pivot.y
      value: 0.5
      objectReference: {fileID: 0}
    - target: {fileID: 3089854862284429862, guid: e90f812ed48835e4c8157f1fd3ee9f97, type: 3}
      propertyPath: m_AnchorMax.x
      value: 0
      objectReference: {fileID: 0}
    - target: {fileID: 3089854862284429862, guid: e90f812ed48835e4c8157f1fd3ee9f97, type: 3}
      propertyPath: m_AnchorMax.y
      value: 0
      objectReference: {fileID: 0}
    - target: {fileID: 3089854862284429862, guid: e90f812ed48835e4c8157f1fd3ee9f97, type: 3}
      propertyPath: m_AnchorMin.x
      value: 0
      objectReference: {fileID: 0}
    - target: {fileID: 3089854862284429862, guid: e90f812ed48835e4c8157f1fd3ee9f97, type: 3}
      propertyPath: m_AnchorMin.y
      value: 0
      objectReference: {fileID: 0}
    - target: {fileID: 3089854862284429862, guid: e90f812ed48835e4c8157f1fd3ee9f97, type: 3}
      propertyPath: m_LocalPosition.x
      value: 0
      objectReference: {fileID: 0}
    - target: {fileID: 3089854862284429862, guid: e90f812ed48835e4c8157f1fd3ee9f97, type: 3}
      propertyPath: m_LocalPosition.y
      value: 0
      objectReference: {fileID: 0}
    - target: {fileID: 3089854862284429862, guid: e90f812ed48835e4c8157f1fd3ee9f97, type: 3}
      propertyPath: m_LocalRotation.w
      value: 1
      objectReference: {fileID: 0}
    - target: {fileID: 3089854862284429862, guid: e90f812ed48835e4c8157f1fd3ee9f97, type: 3}
      propertyPath: m_LocalRotation.x
      value: 0
      objectReference: {fileID: 0}
    - target: {fileID: 3089854862284429862, guid: e90f812ed48835e4c8157f1fd3ee9f97, type: 3}
      propertyPath: m_LocalRotation.y
      value: 0
      objectReference: {fileID: 0}
    - target: {fileID: 3089854862284429862, guid: e90f812ed48835e4c8157f1fd3ee9f97, type: 3}
      propertyPath: m_LocalRotation.z
      value: 0
      objectReference: {fileID: 0}
    - target: {fileID: 3089854862284429862, guid: e90f812ed48835e4c8157f1fd3ee9f97, type: 3}
      propertyPath: m_AnchoredPosition.x
      value: 0
      objectReference: {fileID: 0}
    - target: {fileID: 3089854862284429862, guid: e90f812ed48835e4c8157f1fd3ee9f97, type: 3}
      propertyPath: m_AnchoredPosition.y
      value: 0
      objectReference: {fileID: 0}
    - target: {fileID: 3089854862284429862, guid: e90f812ed48835e4c8157f1fd3ee9f97, type: 3}
      propertyPath: m_LocalEulerAnglesHint.x
      value: 0
      objectReference: {fileID: 0}
    - target: {fileID: 3089854862284429862, guid: e90f812ed48835e4c8157f1fd3ee9f97, type: 3}
      propertyPath: m_LocalEulerAnglesHint.y
      value: 0
      objectReference: {fileID: 0}
    - target: {fileID: 3089854862284429862, guid: e90f812ed48835e4c8157f1fd3ee9f97, type: 3}
      propertyPath: m_LocalEulerAnglesHint.z
      value: 0
      objectReference: {fileID: 0}
    - target: {fileID: 8171543988433956462, guid: e90f812ed48835e4c8157f1fd3ee9f97, type: 3}
      propertyPath: _qualityType
      value: 
      objectReference: {fileID: 11400000, guid: b73bb9707da56ae43ab422b3d11142dc, type: 2}
    m_RemovedComponents: []
    m_RemovedGameObjects: []
    m_AddedGameObjects: []
    m_AddedComponents: []
  m_SourcePrefab: {fileID: 100100000, guid: e90f812ed48835e4c8157f1fd3ee9f97, type: 3}
--- !u!224 &359699614051428543 stripped
RectTransform:
  m_CorrespondingSourceObject: {fileID: 3089854862284429862, guid: e90f812ed48835e4c8157f1fd3ee9f97, type: 3}
  m_PrefabInstance: {fileID: 3322731031632245401}
  m_PrefabAsset: {fileID: 0}
--- !u!1001 &5868328889092887143
PrefabInstance:
  m_ObjectHideFlags: 0
  serializedVersion: 2
  m_Modification:
    serializedVersion: 3
    m_TransformParent: {fileID: 2540454301899244232}
    m_Modifications:
    - target: {fileID: 2249802490915512609, guid: e90f812ed48835e4c8157f1fd3ee9f97, type: 3}
      propertyPath: m_Name
      value: Quality Type Toggle (5)
      objectReference: {fileID: 0}
    - target: {fileID: 3089854862284429862, guid: e90f812ed48835e4c8157f1fd3ee9f97, type: 3}
      propertyPath: m_Pivot.x
      value: 0.5
      objectReference: {fileID: 0}
    - target: {fileID: 3089854862284429862, guid: e90f812ed48835e4c8157f1fd3ee9f97, type: 3}
      propertyPath: m_Pivot.y
      value: 0.5
      objectReference: {fileID: 0}
    - target: {fileID: 3089854862284429862, guid: e90f812ed48835e4c8157f1fd3ee9f97, type: 3}
      propertyPath: m_AnchorMax.x
      value: 0
      objectReference: {fileID: 0}
    - target: {fileID: 3089854862284429862, guid: e90f812ed48835e4c8157f1fd3ee9f97, type: 3}
      propertyPath: m_AnchorMax.y
      value: 0
      objectReference: {fileID: 0}
    - target: {fileID: 3089854862284429862, guid: e90f812ed48835e4c8157f1fd3ee9f97, type: 3}
      propertyPath: m_AnchorMin.x
      value: 0
      objectReference: {fileID: 0}
    - target: {fileID: 3089854862284429862, guid: e90f812ed48835e4c8157f1fd3ee9f97, type: 3}
      propertyPath: m_AnchorMin.y
      value: 0
      objectReference: {fileID: 0}
    - target: {fileID: 3089854862284429862, guid: e90f812ed48835e4c8157f1fd3ee9f97, type: 3}
      propertyPath: m_LocalPosition.x
      value: 0
      objectReference: {fileID: 0}
    - target: {fileID: 3089854862284429862, guid: e90f812ed48835e4c8157f1fd3ee9f97, type: 3}
      propertyPath: m_LocalPosition.y
      value: 0
      objectReference: {fileID: 0}
    - target: {fileID: 3089854862284429862, guid: e90f812ed48835e4c8157f1fd3ee9f97, type: 3}
      propertyPath: m_LocalRotation.w
      value: 1
      objectReference: {fileID: 0}
    - target: {fileID: 3089854862284429862, guid: e90f812ed48835e4c8157f1fd3ee9f97, type: 3}
      propertyPath: m_LocalRotation.x
      value: 0
      objectReference: {fileID: 0}
    - target: {fileID: 3089854862284429862, guid: e90f812ed48835e4c8157f1fd3ee9f97, type: 3}
      propertyPath: m_LocalRotation.y
      value: 0
      objectReference: {fileID: 0}
    - target: {fileID: 3089854862284429862, guid: e90f812ed48835e4c8157f1fd3ee9f97, type: 3}
      propertyPath: m_LocalRotation.z
      value: 0
      objectReference: {fileID: 0}
    - target: {fileID: 3089854862284429862, guid: e90f812ed48835e4c8157f1fd3ee9f97, type: 3}
      propertyPath: m_AnchoredPosition.x
      value: 0
      objectReference: {fileID: 0}
    - target: {fileID: 3089854862284429862, guid: e90f812ed48835e4c8157f1fd3ee9f97, type: 3}
      propertyPath: m_AnchoredPosition.y
      value: 0
      objectReference: {fileID: 0}
    - target: {fileID: 3089854862284429862, guid: e90f812ed48835e4c8157f1fd3ee9f97, type: 3}
      propertyPath: m_LocalEulerAnglesHint.x
      value: 0
      objectReference: {fileID: 0}
    - target: {fileID: 3089854862284429862, guid: e90f812ed48835e4c8157f1fd3ee9f97, type: 3}
      propertyPath: m_LocalEulerAnglesHint.y
      value: 0
      objectReference: {fileID: 0}
    - target: {fileID: 3089854862284429862, guid: e90f812ed48835e4c8157f1fd3ee9f97, type: 3}
      propertyPath: m_LocalEulerAnglesHint.z
      value: 0
      objectReference: {fileID: 0}
    - target: {fileID: 8171543988433956462, guid: e90f812ed48835e4c8157f1fd3ee9f97, type: 3}
      propertyPath: _qualityType
      value: 
      objectReference: {fileID: 11400000, guid: 64b250d5ba2b9cc44ac8b6ddd8aa306a, type: 2}
    m_RemovedComponents: []
    m_RemovedGameObjects: []
    m_AddedGameObjects: []
    m_AddedComponents: []
  m_SourcePrefab: {fileID: 100100000, guid: e90f812ed48835e4c8157f1fd3ee9f97, type: 3}
--- !u!224 &8903933844389972033 stripped
RectTransform:
  m_CorrespondingSourceObject: {fileID: 3089854862284429862, guid: e90f812ed48835e4c8157f1fd3ee9f97, type: 3}
  m_PrefabInstance: {fileID: 5868328889092887143}
  m_PrefabAsset: {fileID: 0}
--- !u!1001 &6307800787896026934
PrefabInstance:
  m_ObjectHideFlags: 0
  serializedVersion: 2
  m_Modification:
    serializedVersion: 3
    m_TransformParent: {fileID: 2540454301899244232}
    m_Modifications:
    - target: {fileID: 2249802490915512609, guid: e90f812ed48835e4c8157f1fd3ee9f97, type: 3}
      propertyPath: m_Name
      value: Quality Type Toggle (3)
      objectReference: {fileID: 0}
    - target: {fileID: 3089854862284429862, guid: e90f812ed48835e4c8157f1fd3ee9f97, type: 3}
      propertyPath: m_Pivot.x
      value: 0.5
      objectReference: {fileID: 0}
    - target: {fileID: 3089854862284429862, guid: e90f812ed48835e4c8157f1fd3ee9f97, type: 3}
      propertyPath: m_Pivot.y
      value: 0.5
      objectReference: {fileID: 0}
    - target: {fileID: 3089854862284429862, guid: e90f812ed48835e4c8157f1fd3ee9f97, type: 3}
      propertyPath: m_AnchorMax.x
      value: 0
      objectReference: {fileID: 0}
    - target: {fileID: 3089854862284429862, guid: e90f812ed48835e4c8157f1fd3ee9f97, type: 3}
      propertyPath: m_AnchorMax.y
      value: 0
      objectReference: {fileID: 0}
    - target: {fileID: 3089854862284429862, guid: e90f812ed48835e4c8157f1fd3ee9f97, type: 3}
      propertyPath: m_AnchorMin.x
      value: 0
      objectReference: {fileID: 0}
    - target: {fileID: 3089854862284429862, guid: e90f812ed48835e4c8157f1fd3ee9f97, type: 3}
      propertyPath: m_AnchorMin.y
      value: 0
      objectReference: {fileID: 0}
    - target: {fileID: 3089854862284429862, guid: e90f812ed48835e4c8157f1fd3ee9f97, type: 3}
      propertyPath: m_LocalPosition.x
      value: 0
      objectReference: {fileID: 0}
    - target: {fileID: 3089854862284429862, guid: e90f812ed48835e4c8157f1fd3ee9f97, type: 3}
      propertyPath: m_LocalPosition.y
      value: 0
      objectReference: {fileID: 0}
    - target: {fileID: 3089854862284429862, guid: e90f812ed48835e4c8157f1fd3ee9f97, type: 3}
      propertyPath: m_LocalRotation.w
      value: 1
      objectReference: {fileID: 0}
    - target: {fileID: 3089854862284429862, guid: e90f812ed48835e4c8157f1fd3ee9f97, type: 3}
      propertyPath: m_LocalRotation.x
      value: 0
      objectReference: {fileID: 0}
    - target: {fileID: 3089854862284429862, guid: e90f812ed48835e4c8157f1fd3ee9f97, type: 3}
      propertyPath: m_LocalRotation.y
      value: 0
      objectReference: {fileID: 0}
    - target: {fileID: 3089854862284429862, guid: e90f812ed48835e4c8157f1fd3ee9f97, type: 3}
      propertyPath: m_LocalRotation.z
      value: 0
      objectReference: {fileID: 0}
    - target: {fileID: 3089854862284429862, guid: e90f812ed48835e4c8157f1fd3ee9f97, type: 3}
      propertyPath: m_AnchoredPosition.x
      value: 0
      objectReference: {fileID: 0}
    - target: {fileID: 3089854862284429862, guid: e90f812ed48835e4c8157f1fd3ee9f97, type: 3}
      propertyPath: m_AnchoredPosition.y
      value: 0
      objectReference: {fileID: 0}
    - target: {fileID: 3089854862284429862, guid: e90f812ed48835e4c8157f1fd3ee9f97, type: 3}
      propertyPath: m_LocalEulerAnglesHint.x
      value: 0
      objectReference: {fileID: 0}
    - target: {fileID: 3089854862284429862, guid: e90f812ed48835e4c8157f1fd3ee9f97, type: 3}
      propertyPath: m_LocalEulerAnglesHint.y
      value: 0
      objectReference: {fileID: 0}
    - target: {fileID: 3089854862284429862, guid: e90f812ed48835e4c8157f1fd3ee9f97, type: 3}
      propertyPath: m_LocalEulerAnglesHint.z
      value: 0
      objectReference: {fileID: 0}
    - target: {fileID: 8171543988433956462, guid: e90f812ed48835e4c8157f1fd3ee9f97, type: 3}
      propertyPath: _qualityType
      value: 
      objectReference: {fileID: 11400000, guid: 16161332d6f41b049b8f96dfc3c29895, type: 2}
    m_RemovedComponents: []
    m_RemovedGameObjects: []
    m_AddedGameObjects: []
    m_AddedComponents: []
  m_SourcePrefab: {fileID: 100100000, guid: e90f812ed48835e4c8157f1fd3ee9f97, type: 3}
--- !u!224 &9036632928108600592 stripped
RectTransform:
  m_CorrespondingSourceObject: {fileID: 3089854862284429862, guid: e90f812ed48835e4c8157f1fd3ee9f97, type: 3}
  m_PrefabInstance: {fileID: 6307800787896026934}
  m_PrefabAsset: {fileID: 0}
--- !u!1001 &7617663077162434606
PrefabInstance:
  m_ObjectHideFlags: 0
  serializedVersion: 2
  m_Modification:
    serializedVersion: 3
    m_TransformParent: {fileID: 2540454301899244232}
    m_Modifications:
    - target: {fileID: 2249802490915512609, guid: e90f812ed48835e4c8157f1fd3ee9f97, type: 3}
      propertyPath: m_Name
      value: Quality Type Toggle (2)
      objectReference: {fileID: 0}
    - target: {fileID: 3089854862284429862, guid: e90f812ed48835e4c8157f1fd3ee9f97, type: 3}
      propertyPath: m_Pivot.x
      value: 0.5
      objectReference: {fileID: 0}
    - target: {fileID: 3089854862284429862, guid: e90f812ed48835e4c8157f1fd3ee9f97, type: 3}
      propertyPath: m_Pivot.y
      value: 0.5
      objectReference: {fileID: 0}
    - target: {fileID: 3089854862284429862, guid: e90f812ed48835e4c8157f1fd3ee9f97, type: 3}
      propertyPath: m_AnchorMax.x
      value: 0
      objectReference: {fileID: 0}
    - target: {fileID: 3089854862284429862, guid: e90f812ed48835e4c8157f1fd3ee9f97, type: 3}
      propertyPath: m_AnchorMax.y
      value: 0
      objectReference: {fileID: 0}
    - target: {fileID: 3089854862284429862, guid: e90f812ed48835e4c8157f1fd3ee9f97, type: 3}
      propertyPath: m_AnchorMin.x
      value: 0
      objectReference: {fileID: 0}
    - target: {fileID: 3089854862284429862, guid: e90f812ed48835e4c8157f1fd3ee9f97, type: 3}
      propertyPath: m_AnchorMin.y
      value: 0
      objectReference: {fileID: 0}
    - target: {fileID: 3089854862284429862, guid: e90f812ed48835e4c8157f1fd3ee9f97, type: 3}
      propertyPath: m_LocalPosition.x
      value: 0
      objectReference: {fileID: 0}
    - target: {fileID: 3089854862284429862, guid: e90f812ed48835e4c8157f1fd3ee9f97, type: 3}
      propertyPath: m_LocalPosition.y
      value: 0
      objectReference: {fileID: 0}
    - target: {fileID: 3089854862284429862, guid: e90f812ed48835e4c8157f1fd3ee9f97, type: 3}
      propertyPath: m_LocalRotation.w
      value: 1
      objectReference: {fileID: 0}
    - target: {fileID: 3089854862284429862, guid: e90f812ed48835e4c8157f1fd3ee9f97, type: 3}
      propertyPath: m_LocalRotation.x
      value: 0
      objectReference: {fileID: 0}
    - target: {fileID: 3089854862284429862, guid: e90f812ed48835e4c8157f1fd3ee9f97, type: 3}
      propertyPath: m_LocalRotation.y
      value: 0
      objectReference: {fileID: 0}
    - target: {fileID: 3089854862284429862, guid: e90f812ed48835e4c8157f1fd3ee9f97, type: 3}
      propertyPath: m_LocalRotation.z
      value: 0
      objectReference: {fileID: 0}
    - target: {fileID: 3089854862284429862, guid: e90f812ed48835e4c8157f1fd3ee9f97, type: 3}
      propertyPath: m_AnchoredPosition.x
      value: 0
      objectReference: {fileID: 0}
    - target: {fileID: 3089854862284429862, guid: e90f812ed48835e4c8157f1fd3ee9f97, type: 3}
      propertyPath: m_AnchoredPosition.y
      value: 0
      objectReference: {fileID: 0}
    - target: {fileID: 3089854862284429862, guid: e90f812ed48835e4c8157f1fd3ee9f97, type: 3}
      propertyPath: m_LocalEulerAnglesHint.x
      value: 0
      objectReference: {fileID: 0}
    - target: {fileID: 3089854862284429862, guid: e90f812ed48835e4c8157f1fd3ee9f97, type: 3}
      propertyPath: m_LocalEulerAnglesHint.y
      value: 0
      objectReference: {fileID: 0}
    - target: {fileID: 3089854862284429862, guid: e90f812ed48835e4c8157f1fd3ee9f97, type: 3}
      propertyPath: m_LocalEulerAnglesHint.z
      value: 0
      objectReference: {fileID: 0}
    - target: {fileID: 8171543988433956462, guid: e90f812ed48835e4c8157f1fd3ee9f97, type: 3}
      propertyPath: _qualityType
      value: 
      objectReference: {fileID: 11400000, guid: c601295504566dd41a5be60d9dbac4fe, type: 2}
    m_RemovedComponents: []
    m_RemovedGameObjects: []
    m_AddedGameObjects: []
    m_AddedComponents: []
  m_SourcePrefab: {fileID: 100100000, guid: e90f812ed48835e4c8157f1fd3ee9f97, type: 3}
--- !u!224 &4852134458294950408 stripped
RectTransform:
  m_CorrespondingSourceObject: {fileID: 3089854862284429862, guid: e90f812ed48835e4c8157f1fd3ee9f97, type: 3}
  m_PrefabInstance: {fileID: 7617663077162434606}
  m_PrefabAsset: {fileID: 0}
